@ARTICLE{sdr_sensors,
  AUTHOR = {Caro, M. and Leguizamon, G. and Fajardo, C.},
  DATE = {2017-05},
  JOURNALTITLE = {Revista Facultad de Ingeniería},
  PAGES = {137--148},
  TITLE = {Opportunities to implement Software Defined Radio in network sensors},
}

@MISC{slip_rings,
  AUTHOR = {{ActiveSpace Technologies}},
  NOTE = {Accessed: 2020-09-30},
  TITLE = {\href{https://www.activespacetech.com/products/health_monitoring}{Wireless Slip Rings}},
}

@ARTICLE{semiconductors_evolution,
  AUTHOR = {Zlatanov, Nikola},
  DATE = {2004-07},
  DOI = {10.13140/RG.2.1.4387.4966},
  TITLE = {The Evolution of Making Semiconductors},
}

@INPROCEEDINGS{aict17,
  AUTHOR = {Klymash, M. and Beshley, H. and Seliuchenko, M. and Maksymyuk, T.},
  BOOKTITLE = {2nd International Conference on Advanced Information and Communication Technologies},
  DATE = {2017},
  PAGES = {209--212},
  TITLE = {Improving architecture of LTE mobile network for IoT services provisioning},
}

@INPROCEEDINGS{ntc92,
  AUTHOR = {Mitola, J.},
  BOOKTITLE = {[Proceedings] NTC-92: National Telesystems Conference},
  DATE = {1992},
  PAGES = {13/15--13/23},
  TITLE = {Software radios-survey, critical evaluation and future directions},
}

@MISC{sdr_short_history,
  AUTHOR = {Nutaq},
  NOTE = {Accessed: 2020-09-30},
  TITLE = {\href{https: //www.nutaq.com/blog/short-history-software-defined-radio-sdr-technology}{A short history of software-defined radio (SDR) technology}},
}

@MISC{image:root_sdr_systems,
  OPTIONS = {skipbib=1},
  AUTHOR = {{Sagax Communications}},
  NOTE = {Accessed: 2020-09-30},
  TITLE = {\href{https://www.slideshare.net/beged/sdr-for-radar-090623-26405323/3}{Roots of SDR concept}},
}

@INPROCEEDINGS{icssc16,
  AUTHOR = {Mwakyanjala, M. B. and Emami, M. R. and Beekz, J. v. d.},
  BOOKTITLE = {International Communications Satellite Systems Conferences},
  DATE = {2016},
  TITLE = {Software-defined radio transceiver for QB50 Cubesat telemetry and telecommand},
  doi = {10.2514/6.2016-5719},
}

@INPROCEEDINGS{sdr_teaching,
  AUTHOR = {Reis, A. L. G.},
  BOOKTITLE = {Wireless and Microwave Technology Conference (WAMICON)},
  DATE = {2012},
  TITLE = {Software defined radio on digital communications: A new teaching tool},
}

@MISC{usrp_product_selector,
  AUTHOR = {{Ettus Research}},
  NOTE = {Accessed: 2020-09-30},
  TITLE = {\href{https://www.ettus.com/products/usrp-product-selector}{USRP Product Selector}},
}

@MISC{hackrf_one_product,
  AUTHOR = {{Great Scott Gadgets}},
  NOTE = {Accessed: 2020-09-30},
  TITLE = {\href{https://greatscottgadgets.com/hackrf}{HackRF}},
}

@MISC{rtlsdr_product,
  AUTHOR = {{RTL-SDR Authors}},
  NOTE = {Accessed: 2020-09-30},
  TITLE = {\href{https://www.rtl-sdr.com}{RTL-SDR}},
}

@MISC{pothossdr_project,
  AUTHOR = {{PothosSDR Authors}},
  NOTE = {Accessed: 2020-09-30},
  TITLE = {\href{https://github.com/pothosware/PothosSDR}{PothosSDR Framework}},
}

@MISC{soapysdr_project,
  AUTHOR = {{SoapySDR Authors}},
  NOTE = {Accessed: 2020-09-30},
  TITLE = {\href{https://github.com/pothosware/SoapySDR}{SoapySDR}},
}

@MISC{gnuradio_project,
  AUTHOR = {{GNU Radio Authors}},
  NOTE = {Accessed: 2020-09-30},
  TITLE = {\href{https://gnuradio.org}{GNU Radio}},
}

@MISC{image:sdr_sharp_image,
  OPTIONS = {skipbib=1},
  AUTHOR = {{RTL-SDR website}},
  NOTE = {Accessed: 2020-09-30},
  TITLE = {\href{https://www.rtl-sdr.com/tag/sdrsharp}{sdrsharp}},
}

@MISC{komm_project,
  AUTHOR = {{komm Authors}},
  NOTE = {Accessed: 2020-09-30},
  TITLE = {\href{https://github.com/rwnobrega/komm}{komm}},
}

@MISC{scikit-dsp-comm_project,
  AUTHOR = {{scikit-dsp-comm Authors}},
  NOTE = {Accessed: 2020-09-30},
  TITLE = {\href{https://pypi.org/project/scikit-dsp-comm}{scikit-dsp-comm}},
}

@MISC{gr-gsm,
  AUTHOR = {{GR-GSM Authors}},
  NOTE = {Accessed: 2020-09-30},
  TITLE = {\href{https://github.com/ptrkrysik/gr-gsm}{GR-GSM}},
}

@MISC{gr-lte,
  AUTHOR = {{GR-LTE Authors}},
  NOTE = {Accessed: 2020-09-30},
  TITLE = {\href{https://github.com/kit-cel/gr-lte}{GR-LTE}},
}

@MISC{meteor_m2_decoding,
  AUTHOR = {Friedt, J. M.},
  NOTE = {Accessed: 2020-09-30},
  TITLE = {\href{https://jmfriedt.free.fr/glmf_meteor_eng.pdf}{Decoding digital weather satellite images}},
}

@MISC{pal_decoder,
  AUTHOR = {{Multiple authors}},
  NOTE = {Accessed: 2020-09-30},
  TITLE = {\href{https://www.rtl-sdr.com/tag/pal}{PAL decoding with SDR}},
}

@MISC{ntsc_decoder,
  AUTHOR = {Cardoso, L. S.},
  NOTE = {Accessed: 2020-09-30},
  TITLE = {\href{https://github.com/lscardoso/gr-ntsc-rc}{NTSC decoding with SDR}},
}

@MISC{wime_project,
  AUTHOR = {{WIME Project Authors}},
  NOTE = {Accessed: 2020-09-30},
  TITLE = {\href{https://www.wime-project.net}{WIME Project}},
}

@MISC{gnuradio_wbfm_receiver,
  AUTHOR = {{GNU Radio Authors}},
  NOTE = {Accessed: 2020-09-30},
  TITLE = {\href{https://wiki.gnuradio.org/index.php/WBFM_Receive}{GNU Radio WBFM Receive}},
}

@BOOK{communications_receivers,
  AUTHOR = {Rhode, U. L. and Bucher, T. T. N.},
  PUBLISHER = {McGraw-Hill Education},
  DATE = {1988},
  EDITION = {4},
  ISBN = {9780071843331},
  TITLE = {Communications Receivers: Principles and Design},
}

@BOOK{rf_dig_sig_processing,
  AUTHOR = {Rouphael, T. J.},
  PUBLISHER = {Newnes},
  DATE = {2008},
  ISBN = {9780750682107},
  TITLE = {RF and digital signal processing for software-defined radio: a multi-standard multi-mode approach},
}

@INPROCEEDINGS{review_tech_sdr,
  AUTHOR = {A., Haghighat},
  BOOKTITLE = {MILCOM 2002},
  DATE = {2002},
  PAGES = {377--382},
  TITLE = {A review on essentials and technical challenges of software defined radio},
}

@BOOK{tech_radio_handbook,
  AUTHOR = {Carr, J. J.},
  PUBLISHER = {Newnes},
  DATE = {2001},
  ISBN = {9780750673198},
  TITLE = {The technician’s radio receiver handbook: wireless and telecommunication technology},
}

@ARTICLE{adc_survey,
  AUTHOR = {R., Walden},
  DATE = {1999-04},
  JOURNALTITLE = {IEEE Journal on Selected Areas in Communications},
  NUMBER = {4},
  PAGES = {539--550},
  TITLE = {Analogue-to-digital converter survey and analysis},
  VOLUME = {17},
}

@ARTICLE{digital_frontend_sdr,
  AUTHOR = {Hentschel, T. and Henker, M. and Fettweis, G.},
  DATE = {1999},
  JOURNALTITLE = {IEEE Personal Communications},
  NUMBER = {4},
  PAGES = {40--46},
  TITLE = {The digital front-end of software radio terminals},
  VOLUME = {6},
}

@BOOK{communication_systems_carlson,
  AUTHOR = {Carlson, A. B. and Crilly, P. B.},
  PUBLISHER = {McGraw-Hill},
  DATE = {2010},
  EDITION = {5},
  ISBN = {9780071263320},
  TITLE = {Communication Systems},
}

@INPROCEEDINGS{crc_for_short_control_frames,
  AUTHOR = {Choo, L. C. and Lei, Z.},
  BOOKTITLE = {IEEE 80th Vehicular Technology Conference (VTC2014-Fall)},
  DATE = {2014-09},
  PAGES = {1--5},
  TITLE = {CRC Codes for Short Control Frames in IEEE 802.11ah},
}

@INPROCEEDINGS{channel_decoder_architecture,
  AUTHOR = {Berns, F. and Kreiselmaier, G. and Wehn, N.},
  BOOKTITLE = {Proceedings Design, Automation and Test in Europe Conference and Exhibition},
  PAGES = {192--197},
  TITLE = {Channel decoder architecture for 3G mobile wireless terminals},
}

@BOOK{ofdm_baseband_receiver,
  AUTHOR = {Chiueh, P. Y. and Tzi-Dar and Tsai},
  PUBLISHER = {John Wiley \& Sons},
  DATE = {2008},
  DOI = {10.1002/9780470822500},
  ISBN = {9780470822500},
  TITLE = {OFDM baseband receiver design for wireless communications},
}

@ARTICLE{DBLP:journals/corr/abs-1804-06564,
  AUTHOR = {Akeela, Rami and Dezfouli, Behnam},
  DATE = {2018},
  EPRINT = {1804.06564},
  EPRINTTYPE = {arXiv},
  JOURNALTITLE = {CoRR},
  TITLE = {Software-defined Radios: Architecture, State-of-the-art, and Challenges},
  VOLUME = {abs/1804.06564},
}

@MISC{understand_sinad,
  AUTHOR = {{Analog Devices}},
  NOTE = {Accessed: 2020-09-30},
  TITLE = {\href{https://www.analog.com/media/en/training-seminars/tutorials/MT-003.pdf}{Understand SINAD, ENOB, SNR, THD, THD + N, and SFDR so You Don't Get Lost in the Noise Floor}},
}

@MISC{improve_adc_res,
  AUTHOR = {{Silicon Labs}},
  NOTE = {Accessed: 2020-09-30},
  TITLE = {\href{https://www.silabs.com/documents/public/application-notes/an118.pdf}{Improving ADC resolution by oversampling and averaging}},
}

@ARTICLE{harris_windows,
  AUTHOR = {{fred harris}},
  DATE = {1978-02},
  DOI = {10.1109/PROC.1978.10837},
  JOURNALTITLE = {Proceedings of the IEEE},
  PAGES = {51--83},
  TITLE = {On the Use of Windows for Harmonic Analysis With the Discrete Fourier Transform},
  VOLUME = {66},
}

@ARTICLE{shannon_capacity,
  AUTHOR = {Shannon, C. E.},
  DATE = {1949},
  JOURNALTITLE = {Proceedings of the IRE},
  NUMBER = {1},
  PAGES = {10--21},
  TITLE = {Communication in the Presence of Noise},
  VOLUME = {37},
}

@MISC{image:ber_curve,
  OPTIONS = {skipbib=1},
  AUTHOR = {Splash},
  NOTE = {Accessed: 2020-09-30},
  TITLE = {\href{https://en.wikipedia.org/wiki/Bit_error_rate\#/media/File:PSK_BER_curves.svg}{File:PSK_BER_curves.svg}},
}

@MISC{p1db,
  AUTHOR = {{Everything RF editorial team}},
  NOTE = {Accessed: 2020-09-30},
  TITLE = {\href{https://www.everythingrf.com/community/what-is-p1db}{What is P1dB?}},
}

@MISC{iip3,
  AUTHOR = {{Multiple authors}},
  NOTE = {Accessed: 2020-09-30},
  TITLE = {\href{https://en.wikipedia.org/wiki/Third-order_intercept_point}{Third-order intercept point}},
}

@BOOK{rf_bb_techniques_sdr,
  AUTHOR = {Kenington, P. B.},
  PUBLISHER = {Artech House},
  DATE = {2005},
  ISBN = {9781580537933},
  TITLE = {RF and Baseband Techniques for Software Defined Radio},
}

@ARTICLE{homodyne,
  AUTHOR = {Colebrook, F. M.},
  DATE = {1924},
  JOURNALTITLE = {Wireless World and Radio Review},
  NUMBER = {13},
  PAGES = {774},
  TITLE = {Homodyne},
}

@ARTICLE{tan2011a,
  AUTHOR = {Tan, Kun and Liu, He and Zhang, Jiansong and Zhang, Yongguang and Fang, Ji and Voelker, Geoffrey M.},
  DATE = {2011-01},
  JOURNALTITLE = {Commun. ACM},
  NUMBER = {1},
  TITLE = {Sora: High-performance software radio using general-purpose multi-core processors},
  VOLUME = {54},
}

@BOOK{microprocessors_and_microcontrollers,
  AUTHOR = {Kant, K.},
  PUBLISHER = {Prentice-Hall of India},
  DATE = {2014},
  ISBN = {9788120348530},
  TITLE = {Microprocessors and Microcontrollers},
}

@INPROCEEDINGS{lin2014a,
  AUTHOR = {Lin, S.Narasimha C.-H. and Greene, B. and Cai, J.},
  BOOKTITLE = {2014 IEEE International Electron Devices Meeting},
  DATE = {2014},
  PAGES = {381--383},
  TITLE = {High performance 14nm soi finfet cmos technology with 0.0174 m2 embedded dram and 15 levels of cu metallization},
}

@ARTICLE{ulversoy2010a,
  AUTHOR = {Ulversoy, T.},
  DATE = {2010},
  JOURNALTITLE = {IEEE Communications Surveys Tutorials},
  NUMBER = {4},
  TITLE = {Software defined radio: Challenges and opportunities},
  VOLUME = {12},
}

@BOOK{kamal2003a,
  AUTHOR = {Kamal, R.},
  LOCATION = {New Delhi},
  PUBLISHER = {Tata MaGraw-Hill},
  DATE = {2003},
  ISBN = {9780070494701},
  TITLE = {Embedded systems : architecture, programming and design},
}

@INPROCEEDINGS{vachhani2015a,
  AUTHOR = {Vachhani, K.},
  BOOKTITLE = {2015 International Conference on Green Computing and Internet of Things (ICGCIoT},
  DATE = {2015-10},
  PAGES = {887--892},
  TITLE = {Multiresolution analysis: An unified approach using discrete wavelet transform on gnu radio},
}

@INPROCEEDINGS{v2014a,
  AUTHOR = {Véstias, M. and Neto, H.},
  BOOKTITLE = {2014 24th International Conference on Field Programmable Logic and Applications (FPL},
  DATE = {2014-09},
  PAGES = {1--6},
  TITLE = {Trends of cpu, gpu and fpga for high-performance computing},
}

@ARTICLE{cope2010a,
  AUTHOR = {Cope, B. and Cheung, P.Y.K. and Luk, W. and Howes, L.},
  DATE = {2010-04},
  JOURNALTITLE = {IEEE Transactions on Computers},
  NUMBER = {4},
  TITLE = {Performance comparison of graphics processors to reconfigurable logic: A case study},
  VOLUME = {59},
}

@INPROCEEDINGS{fi2017a,
  AUTHOR = {Fişne, A. and Özsoy, A.},
  BOOKTITLE = {2017 25th Signal Processing and Communications Applications Conference (SIU},
  DATE = {2017-05},
  PAGES = {1--4},
  TITLE = {Grafik processor accelerated real time software defined radio applications},
}

@MISC{cuda_toolkit,
  AUTHOR = {Nvidia},
  NOTE = {Accessed : 2020-09-30},
  TITLE = {\href{https://docs.nvidia.com/cuda}{CUDA Toolkit Documentation}},
}

@INPROCEEDINGS{szegvari2009a,
  AUTHOR = {Szegvari, P. and Hentschel, C.},
  BOOKTITLE = {2009 IEEE 13th International Symposium on Consumer Electronics},
  DATE = {2009-05},
  PAGES = {535--539},
  TITLE = {Scalable software defined fm-radio receiver running on desktop computers},
}

@INPROCEEDINGS{li2014a,
  AUTHOR = {Li, K. and Wu, M. and Wang, G. and Cavallaro, J.R.},
  BOOKTITLE = {2014 48th Asilomar Conference on Signals, Systems and Computers},
  DATE = {2014-11},
  PAGES = {2060--2064},
  TITLE = {A high performance gpu-based software-defined basestation},
}

@INPROCEEDINGS{accelerating_massive_mimo_uplink,
  AUTHOR = {Li, K. and Yin, B. and Wu, M. and Cavallaro, J. R. and Studer, C.},
  BOOKTITLE = {IEEE Dallas Circuits and Systems Conference (DCAS)},
  DATE = {2015-10},
  PAGES = {1--4},
  TITLE = {Accelerating massive MIMO uplink detection on GPU for SDR systems},
}

@THESIS{millage2010a,
  AUTHOR = {Millage, J.G.},
  INSTITUTION = {Iowa State University„},
  DATE = {2010},
  TITLE = {GPU Integration into a Software Defined Radio Framework},
  TYPE = {PhD thesis},
}

@ARTICLE{rabiner1978a,
  AUTHOR = {Rabiner, L.R. and Gold, B. and Yuen, C.K.},
  DATE = {1978-02},
  JOURNALTITLE = {IEEE Transactions on Systems, Man, and Cybernetics},
  NUMBER = {2},
  TITLE = {Theory and application of digital signal processing},
  VOLUME = {8},
}

@INPROCEEDINGS{atomix,
  AUTHOR = {Bansal, M. and Schulman, A. and Katti, S.},
  BOOKTITLE = {USENIX Symposium on Networked Systems Design and Implementation (NSDI 15)},
  DATE = {2015},
  EDITION = {12},
  PAGES = {173--188},
  TITLE = {Atomix: A Framework for Deploying Signal Processing Applications on Wireless Infrastructure},
}

@MISC{unknown-h,
  AUTHOR = {{Texas Instruments}},
  TITLE = {\href{https://www.ti.com}{Tms320c6670 multicore fixed and floating-point system-onchip}},
}

@BOOK{smith1997a,
  AUTHOR = {Smith, Steven W.},
  LOCATION = {San Diego, CA, USA},
  PUBLISHER = {California Technical Publishing},
  DATE = {1997},
  ISBN = {9780966017632},
  TITLE = {The Scientist and Engineer’s Guide to Digital Signal Processing},
}

@BOOK{dyer1993a,
  AUTHOR = {Dyer, S. A. and Harms, B. K.},
  DATE = {1993},
  DOI = {10.1016/S0065-2458(08)60403-9},
  PAGES = {59--117},
  TITLE = {Digital Signal Processing},
}

@MISC{unknown-i,
  AUTHOR = {{Texas Instruments}},
  TITLE = {\href{https://www.ti.com/product}{Smj320c80 digital signal processor}},
}

@INPROCEEDINGS{80211ah_for_iot,
  AUTHOR = {Akeela, R. and El Ziq, Y.},
  BOOKTITLE = {2017 IEEE International Conference on Pervasive Computing and Communications Workshops (PerCom Workshops)},
  DATE = {2017-03},
  PAGES = {491--496},
  TITLE = {Design and Verification of IEEE 802.11ah for IoT and M2M Applications},
}

@ARTICLE{kuon2008a,
  AUTHOR = {Kuon, I. and Tessier, R. and Rose, J.},
  DATE = {2008},
  JOURNALTITLE = {Survey and Challenges. now},
  TITLE = {FPGA Architecture},
}

@ARTICLE{sano2017a,
  AUTHOR = {Sano, K. and Yamamoto, S.},
  DATE = {2017-10},
  JOURNALTITLE = {IEEE Transactions on Parallel and Distributed Systems},
  NUMBER = {10},
  PAGES = {2823--2837},
  TITLE = {FPGA-Based Scalable and Power-Efficient Fluid Simulation using Floating-Point DSP Blocks},
  VOLUME = {28},
}

@INPROCEEDINGS{kestur2010a,
  AUTHOR = {Kestur, S. and Davis, J.D. and Williams, O.},
  BOOKTITLE = {2010 IEEE Computer Society Annual Symposium on VLSI},
  DATE = {2010-07},
  PAGES = {288--293},
  TITLE = {Blas comparison on fpga, cpu and gpu},
}

@MISC{unknown-l,
  AUTHOR = {MathWorks},
  TITLE = {\href{https://www.mathworks.com/products/hdl-coder.html}{Hdl coder}},
}

@MISC{matlab-a,
  AUTHOR = {MathWorks},
  TITLE = {\href{https://www.mathworks.com/products/matlab.html}{MATLAB}},
}

@MISC{unknown-m,
  AUTHOR = {Xilinx},
  TITLE = {\href{https://www.xilinx.com/products/design-tools/vivado}{Vivado high-level synthesis}},
}

@INPROCEEDINGS{choi2003a,
  AUTHOR = {Choi, V.K.Prasanna S. and Scrofano, R. and Jang, J.-W.},
  BOOKTITLE = {Proceedings of the 2003 ACM/SIGDA eleventh international symposium on Field programmable gate arrays - FPGA},
  DATE = {2003},
  PAGES = {225},
  TITLE = {Energy efficient signal processing using FPGAs},
}

@MISC{altera2010a,
  AUTHOR = {Altera},
  TITLE = {\href{https://www.altera.com}{Achieving one teraflops with 28-nm fpgas}},
}

@MISC{unknown-g,
  AUTHOR = {Nvidia},
  TITLE = {\href{https://www.nvidia.com/content/global/global}{Nvidia - visual computing technologies}},
}

@ARTICLE{khattab2008a,
  AUTHOR = {Khattab, Ahmed and Camp, Joseph and Hunter, Chris and Murphy, Patrick and Sabharwal, Ashutosh and Knightly, Edward W.},
  DATE = {2008-01},
  JOURNALTITLE = {SIGMOBILE Mob. Comput. Commun. Rev},
  NUMBER = {1},
  TITLE = {Warp: A flexible platform for clean-slate wireless medium access protocol design},
  VOLUME = {12},
}

@INPROCEEDINGS{dutta2013a,
  AUTHOR = {Dutta, Aveek and Saha, Dola and Grunwald, Dirk and Sicker, Douglas},
  BOOKTITLE = {Proceedings of the Second Workshop on Software Radio Implementation Forum SRIF '13},
  DATE = {2013},
  PAGES = {1--8},
  TITLE = {Codiphy: Composing ondemand intelligent physical layers},
}

@ARTICLE{wolf2003a,
  AUTHOR = {Wolf, W.},
  DATE = {2003-04},
  JOURNALTITLE = {Computer},
  NUMBER = {4},
  TITLE = {A decade of hardware/software codesign},
  VOLUME = {36},
}

@BOOK{micheli2001a,
  AUTHOR = {Micheli, Giovanni De and Wolf, Wayne and Ernst, Rolf},
  LOCATION = {San Francisco, CA, USA},
  PUBLISHER = {Morgan Kaufmann Publishers Inc},
  DATE = {2002},
  DOI = {10.1016/B978-1-55860-702-6.X5000-5},
  ISBN = {9781558607026},
  TITLE = {Readings in Hardware/Software Co-Design},
}

@INPROCEEDINGS{teich2012a,
  AUTHOR = {Teich, J.},
  BOOKTITLE = {Proceedings of the IEEE},
  DATE = {2012},
  PAGES = {1411--1430},
  TITLE = {Hardware/Software Codesign: The Past, the Present, and Predicting the Future},
  VOLUME = {100},
}

@MISC{unknown-k,
  AUTHOR = {Xilinx},
  TITLE = {\href{https://www.xilinx.com}{Xilinx - all programmable}},
}

@MISC{unknown-p,
  AUTHOR = {ARM},
  NOTE = {\href{https://www.arm.com}{Architecting a Smarter World Arm}},
}

@INPROCEEDINGS{windh2015a,
  AUTHOR = {Windh, S. and Ma, X. and Halstead, R. J. and P., Budhkar and Luna, Z. and Hussaini, O. and Najjar, W. A.},
  BOOKTITLE = {Proceedings of the IEEE},
  DATE = {2015},
  NUMBER = {3},
  TITLE = {High-level language tools for reconfigurable computing},
  VOLUME = {103},
}

@INPROCEEDINGS{underwood2004a,
  AUTHOR = {Underwood, Keith},
  LOCATION = {New York, NY, USA},
  PUBLISHER = {ACM},
  BOOKTITLE = {Proceedings of the 2004 ACM/SIGDA 12th International Symposium on Field Programmable Gate Arrays, FPGA ’04},
  DATE = {2004},
  PAGES = {171--180},
  TITLE = {Fpgas vs. cpus: Trends in peak floating-point performance},
}

@INPROCEEDINGS{betkaoui2010a,
  AUTHOR = {Betkaoui, B. and Thomas, D. B. and Luk, W.},
  BOOKTITLE = {2010 International Conference on Field-Programmable Technology},
  DATE = {2010-12},
  PAGES = {94--101},
  TITLE = {Comparing performance and energy efficiency of FPGAs and GPUs for high productivity computing},
}

@INPROCEEDINGS{duan2011a,
  AUTHOR = {Duan, B. and Wang, W. and Li, X. and Zhang, C. and Zhang, P. and Sun, N.},
  BOOKTITLE = {2011 International Conference on Field-Programmable Technology},
  DATE = {2011-12},
  PAGES = {1--6},
  TITLE = {Floating-point mixed-radix fft core generation for fpga and comparison with gpu and cpu},
}

@BOOK{digcomm_discrete_approach,
  AUTHOR = {Rice, M.},
  PUBLISHER = {Pearson},
  DATE = {2008},
  ISBN = {9780130304971},
  TITLE = {Digital Communications: A Discrete-Time Approach},
}

@INPROCEEDINGS{farrow1988,
  AUTHOR = {Farrow, C. W.},
  BOOKTITLE = {IEEE International Symposium on Circuits and Systems},
  DATE = {1988-06},
  PAGES = {2641--2645},
  TITLE = {A Continuously Variable Digital Delay Element},
}

@MISC{mathworks_agc,
  AUTHOR = {{MathWorks}},
  NOTE = {Accessed: 2020-09-30},
  TITLE = {\href{https://www.mathworks.com/help/comm/ref/comm.agc-system-object.html}{comm.AGC}},
}

@INBOOK{sackinger2017,
  AUTHOR = {Säckinger, Eduard},
  PUBLISHER = {John Wiley \& Sons},
  BOOKTITLE = {Analysis and Design of Transimpedance Amplifiers for Optical Receivers},
  CHAPTER = {G},
  DATE = {2017},
  DOI = {10.1002/9781119264422.app7},
  EPRINT = {https://onlinelibrary.wiley.com/doi/pdf/10.1002/9781119264422.app7},
  ISBN = {9781119264422},
  PAGES = {475--482},
  TITLE = {Forward Error Correction},
}

@MISC{image:hamming74_venn_diagram,
  OPTIONS = {skipbib=1},
  AUTHOR = {{Colin M.L. Burnett}},
  NOTE = {Accessed: 2020-09-30},
  TITLE = {\href{https://en.wikipedia.org/wiki/Hamming(7,4)\#/media/File:Hamming(7,4).svg}{File:Hamming(7,4).svg}},
}

@MISC{image:fm_spectrum,
  OPTIONS = {skipbib=1},
  AUTHOR = {{Arthur Murray}},
  NOTE = {Accessed: 2020-09-30},
  TITLE = {\href{https://en.wikipedia.org/wiki/FM_broadcasting\#/media/File:RDS_vs_DirectBand_FM-spectrum2.svg}{File:RDS_vs_DirectBand_FM-spectrum2.svg}},
}

@MISC{fm_demod2,
  AUTHOR = {{Multiple authors}},
  NOTE = {Accessed: 2020-09-30},
  TITLE = {\href{https://rfmw.em.keysight.com/wireless/helpfiles/n7611b/Content/Main/FM_Broadcasting.htm}{FM Stereo/RDS Theory}},
}

@MISC{fm_demod,
  AUTHOR = {{Multiple authors}},
  NOTE = {Accessed: 2020-09-30},
  TITLE = {\href{https://en.wikipedia.org/wiki/FM_broadcasting}{FM broadcasting}},
}

@INCOLLECTION{HOOD199857,
  AUTHOR = {Hood, John Linsley},
  EDITOR = {Hood, John Linsley},
  LOCATION = {Oxford},
  PUBLISHER = {Newnes},
  BOOKTITLE = {Audio Electronics (Second Edition)},
  DATE = {1998},
  DOI = {10.1016/B978-075064332-0/50002-4},
  EDITION = {Second Edi},
  ISBN = {9780750643320},
  PAGES = {57--118},
  TITLE = {{Chapter 2 - Tuners and radio receivers}},
  URLRAW = {http://www.sciencedirect.com/science/article/pii/B9780750643320500024},
}

@MISC{wbfm_alt_receiver,
  AUTHOR = {{Embedded Staff}},
  NOTE = {Accessed: 2020-09-30},
  TITLE = {\href{https://www.embedded.com/dsp-tricks-frequency-demodulation-algorithms}{DSP Tricks: Frequency demodulation algorithms}},
}

@MISC{gr_stream_demux,
  AUTHOR = {{David Pi}},
  NOTE = {Accessed: 2020-09-30},
  TITLE = {\href{https://github.com/dave-pi/gr-stream_demux}{gr-stream\_demux}},
}

@MISC{meteor_m2_sat,
  AUTHOR = {N2YO},
  NOTE = {Accessed: 2020-09-30},
  TITLE = {\href{https://www.n2yo.com/satellite/?s=40069}{METEOR M2}},
}

@MISC{wireless_applications,
  AUTHOR = {{Electronics Hub authors}},
  NOTE = {Accessed: 2020-09-30},
  TITLE = {\href{https://www.electronicshub.org/wireless-communication-introduction-types-applications}},
}

@BOOK{lyons2004,
  AUTHOR = {Lyons, R. G.},
  PUBLISHER = {Pearson},
  DATE = {2004},
  ISBN = {9780131089891},
  TITLE = {Understanding Digital Signal Processing},
}

@MISC{gr2020_program,
  AUTHOR = {{GNU Radio Authors}},
  NOTE = {Accessed: 2020-09-30},
  TITLE = {\href{https://www.openconf.org/GRCon20/modules/request.php?module=oc_program\&action=program.php\&p=program}},
}

@MISC{wikipedia_fec,
  AUTHOR = {{Multiple Authors}},
  NOTE = {Accessed: 2020-09-30},
  TITLE = {\href{https://en.wikipedia.org/wiki/Error_correction_code}},
}

@MISC{wikipedia_hamming,
  AUTHOR = {{Multiple Authors}},
  NOTE = {Accessed: 2020-09-30},
  TITLE = {\href{https://en.wikipedia.org/wiki/Hamming(7,4)}},
}



